%YAML 1.1
%TAG !u! tag:unity3d.com,2011:
--- !u!1 &101354
GameObject:
  m_ObjectHideFlags: 1
  m_PrefabParentObject: {fileID: 0}
  m_PrefabInternal: {fileID: 100100000}
  serializedVersion: 4
  m_Component:
  - 4: {fileID: 427898}
  m_Layer: 0
  m_Name: joint14
  m_TagString: Untagged
  m_Icon: {fileID: 0}
  m_NavMeshLayer: 0
  m_StaticEditorFlags: 0
  m_IsActive: 1
--- !u!1 &104276
GameObject:
  m_ObjectHideFlags: 1
  m_PrefabParentObject: {fileID: 0}
  m_PrefabInternal: {fileID: 100100000}
  serializedVersion: 4
  m_Component:
  - 4: {fileID: 408712}
  m_Layer: 0
  m_Name: joint28
  m_TagString: Untagged
  m_Icon: {fileID: 0}
  m_NavMeshLayer: 0
  m_StaticEditorFlags: 0
  m_IsActive: 1
--- !u!1 &104934
GameObject:
  m_ObjectHideFlags: 1
  m_PrefabParentObject: {fileID: 0}
  m_PrefabInternal: {fileID: 100100000}
  serializedVersion: 4
  m_Component:
  - 4: {fileID: 445062}
  - 33: {fileID: 3366014}
  - 23: {fileID: 2344254}
  m_Layer: 0
  m_Name: polySurface10
  m_TagString: Untagged
  m_Icon: {fileID: 0}
  m_NavMeshLayer: 0
  m_StaticEditorFlags: 0
  m_IsActive: 1
--- !u!1 &105462
GameObject:
  m_ObjectHideFlags: 1
  m_PrefabParentObject: {fileID: 0}
  m_PrefabInternal: {fileID: 100100000}
  serializedVersion: 4
  m_Component:
  - 4: {fileID: 401170}
  m_Layer: 0
  m_Name: joint13
  m_TagString: Untagged
  m_Icon: {fileID: 0}
  m_NavMeshLayer: 0
  m_StaticEditorFlags: 0
  m_IsActive: 1
--- !u!1 &105736
GameObject:
  m_ObjectHideFlags: 1
  m_PrefabParentObject: {fileID: 0}
  m_PrefabInternal: {fileID: 100100000}
  serializedVersion: 4
  m_Component:
  - 4: {fileID: 403802}
  m_Layer: 0
  m_Name: joint22
  m_TagString: Untagged
  m_Icon: {fileID: 0}
  m_NavMeshLayer: 0
  m_StaticEditorFlags: 0
  m_IsActive: 1
--- !u!1 &112044
GameObject:
  m_ObjectHideFlags: 1
  m_PrefabParentObject: {fileID: 0}
  m_PrefabInternal: {fileID: 100100000}
  serializedVersion: 4
  m_Component:
  - 4: {fileID: 410856}
  m_Layer: 0
  m_Name: joint6
  m_TagString: Untagged
  m_Icon: {fileID: 0}
  m_NavMeshLayer: 0
  m_StaticEditorFlags: 0
  m_IsActive: 1
--- !u!1 &119766
GameObject:
  m_ObjectHideFlags: 1
  m_PrefabParentObject: {fileID: 0}
  m_PrefabInternal: {fileID: 100100000}
  serializedVersion: 4
  m_Component:
  - 4: {fileID: 442626}
  m_Layer: 0
  m_Name: joint23
  m_TagString: Untagged
  m_Icon: {fileID: 0}
  m_NavMeshLayer: 0
  m_StaticEditorFlags: 0
  m_IsActive: 1
--- !u!1 &130836
GameObject:
  m_ObjectHideFlags: 1
  m_PrefabParentObject: {fileID: 0}
  m_PrefabInternal: {fileID: 100100000}
  serializedVersion: 4
  m_Component:
  - 4: {fileID: 493358}
  m_Layer: 0
  m_Name: joint21
  m_TagString: Untagged
  m_Icon: {fileID: 0}
  m_NavMeshLayer: 0
  m_StaticEditorFlags: 0
  m_IsActive: 1
--- !u!1 &131206
GameObject:
  m_ObjectHideFlags: 1
  m_PrefabParentObject: {fileID: 0}
  m_PrefabInternal: {fileID: 100100000}
  serializedVersion: 4
  m_Component:
  - 4: {fileID: 476358}
  m_Layer: 0
  m_Name: joint24
  m_TagString: Untagged
  m_Icon: {fileID: 0}
  m_NavMeshLayer: 0
  m_StaticEditorFlags: 0
  m_IsActive: 1
--- !u!1 &132316
GameObject:
  m_ObjectHideFlags: 1
  m_PrefabParentObject: {fileID: 0}
  m_PrefabInternal: {fileID: 100100000}
  serializedVersion: 4
  m_Component:
  - 4: {fileID: 424008}
  m_Layer: 0
  m_Name: joint19
  m_TagString: Untagged
  m_Icon: {fileID: 0}
  m_NavMeshLayer: 0
  m_StaticEditorFlags: 0
  m_IsActive: 1
--- !u!1 &135316
GameObject:
  m_ObjectHideFlags: 0
  m_PrefabParentObject: {fileID: 0}
  m_PrefabInternal: {fileID: 100100000}
  serializedVersion: 4
  m_Component:
  - 4: {fileID: 484342}
  - 95: {fileID: 9543900}
  - 195: {fileID: 19583618}
  - 64: {fileID: 6441090}
  - 114: {fileID: 11482492}
  - 114: {fileID: 11446624}
  - 82: {fileID: 8293776}
  - 114: {fileID: 11432500}
  m_Layer: 0
  m_Name: Rhino
  m_TagString: Untagged
  m_Icon: {fileID: 0}
  m_NavMeshLayer: 0
  m_StaticEditorFlags: 0
  m_IsActive: 1
--- !u!1 &135596
GameObject:
  m_ObjectHideFlags: 1
  m_PrefabParentObject: {fileID: 0}
  m_PrefabInternal: {fileID: 100100000}
  serializedVersion: 4
  m_Component:
  - 4: {fileID: 478166}
  m_Layer: 0
  m_Name: joint3
  m_TagString: Untagged
  m_Icon: {fileID: 0}
  m_NavMeshLayer: 0
  m_StaticEditorFlags: 0
  m_IsActive: 1
--- !u!1 &137554
GameObject:
  m_ObjectHideFlags: 1
  m_PrefabParentObject: {fileID: 0}
  m_PrefabInternal: {fileID: 100100000}
  serializedVersion: 4
  m_Component:
  - 4: {fileID: 492316}
  m_Layer: 0
  m_Name: joint20
  m_TagString: Untagged
  m_Icon: {fileID: 0}
  m_NavMeshLayer: 0
  m_StaticEditorFlags: 0
  m_IsActive: 1
--- !u!1 &138360
GameObject:
  m_ObjectHideFlags: 1
  m_PrefabParentObject: {fileID: 0}
  m_PrefabInternal: {fileID: 100100000}
  serializedVersion: 4
  m_Component:
  - 4: {fileID: 427036}
  m_Layer: 0
  m_Name: joint2
  m_TagString: Untagged
  m_Icon: {fileID: 0}
  m_NavMeshLayer: 0
  m_StaticEditorFlags: 0
  m_IsActive: 1
--- !u!1 &138560
GameObject:
  m_ObjectHideFlags: 1
  m_PrefabParentObject: {fileID: 0}
  m_PrefabInternal: {fileID: 100100000}
  serializedVersion: 4
  m_Component:
  - 4: {fileID: 492562}
  m_Layer: 0
  m_Name: joint1
  m_TagString: Untagged
  m_Icon: {fileID: 0}
  m_NavMeshLayer: 0
  m_StaticEditorFlags: 0
  m_IsActive: 1
--- !u!1 &140654
GameObject:
  m_ObjectHideFlags: 1
  m_PrefabParentObject: {fileID: 0}
  m_PrefabInternal: {fileID: 100100000}
  serializedVersion: 4
  m_Component:
  - 4: {fileID: 453254}
  m_Layer: 0
  m_Name: joint18
  m_TagString: Untagged
  m_Icon: {fileID: 0}
  m_NavMeshLayer: 0
  m_StaticEditorFlags: 0
  m_IsActive: 1
--- !u!1 &144104
GameObject:
  m_ObjectHideFlags: 1
  m_PrefabParentObject: {fileID: 0}
  m_PrefabInternal: {fileID: 100100000}
  serializedVersion: 4
  m_Component:
  - 4: {fileID: 497004}
  - 33: {fileID: 3327860}
  - 23: {fileID: 2372022}
  m_Layer: 0
  m_Name: polySurface5
  m_TagString: Untagged
  m_Icon: {fileID: 0}
  m_NavMeshLayer: 0
  m_StaticEditorFlags: 0
  m_IsActive: 1
--- !u!1 &144704
GameObject:
  m_ObjectHideFlags: 0
  m_PrefabParentObject: {fileID: 0}
  m_PrefabInternal: {fileID: 100100000}
  serializedVersion: 4
  m_Component:
  - 4: {fileID: 469026}
  m_Layer: 0
  m_Name: nurbsCircle6
  m_TagString: Untagged
  m_Icon: {fileID: 0}
  m_NavMeshLayer: 0
  m_StaticEditorFlags: 0
  m_IsActive: 1
--- !u!1 &147496
GameObject:
  m_ObjectHideFlags: 0
  m_PrefabParentObject: {fileID: 0}
  m_PrefabInternal: {fileID: 100100000}
  serializedVersion: 4
  m_Component:
  - 4: {fileID: 467124}
  - 137: {fileID: 13783260}
  m_Layer: 0
  m_Name: polySurface3
  m_TagString: Untagged
  m_Icon: {fileID: 0}
  m_NavMeshLayer: 0
  m_StaticEditorFlags: 0
  m_IsActive: 1
--- !u!1 &148314
GameObject:
  m_ObjectHideFlags: 1
  m_PrefabParentObject: {fileID: 0}
  m_PrefabInternal: {fileID: 100100000}
  serializedVersion: 4
  m_Component:
  - 4: {fileID: 464654}
  m_Layer: 0
  m_Name: joint11
  m_TagString: Untagged
  m_Icon: {fileID: 0}
  m_NavMeshLayer: 0
  m_StaticEditorFlags: 0
  m_IsActive: 1
--- !u!1 &150064
GameObject:
  m_ObjectHideFlags: 1
  m_PrefabParentObject: {fileID: 0}
  m_PrefabInternal: {fileID: 100100000}
  serializedVersion: 4
  m_Component:
  - 4: {fileID: 467486}
  m_Layer: 0
  m_Name: joint10
  m_TagString: Untagged
  m_Icon: {fileID: 0}
  m_NavMeshLayer: 0
  m_StaticEditorFlags: 0
  m_IsActive: 1
--- !u!1 &154856
GameObject:
  m_ObjectHideFlags: 1
  m_PrefabParentObject: {fileID: 0}
  m_PrefabInternal: {fileID: 100100000}
  serializedVersion: 4
  m_Component:
  - 4: {fileID: 485060}
  m_Layer: 0
  m_Name: joint27
  m_TagString: Untagged
  m_Icon: {fileID: 0}
  m_NavMeshLayer: 0
  m_StaticEditorFlags: 0
  m_IsActive: 1
--- !u!1 &156892
GameObject:
  m_ObjectHideFlags: 1
  m_PrefabParentObject: {fileID: 0}
  m_PrefabInternal: {fileID: 100100000}
  serializedVersion: 4
  m_Component:
  - 4: {fileID: 459552}
  m_Layer: 0
  m_Name: joint9
  m_TagString: Untagged
  m_Icon: {fileID: 0}
  m_NavMeshLayer: 0
  m_StaticEditorFlags: 0
  m_IsActive: 1
--- !u!1 &157050
GameObject:
  m_ObjectHideFlags: 1
  m_PrefabParentObject: {fileID: 0}
  m_PrefabInternal: {fileID: 100100000}
  serializedVersion: 4
  m_Component:
  - 4: {fileID: 416040}
  m_Layer: 0
  m_Name: joint16
  m_TagString: Untagged
  m_Icon: {fileID: 0}
  m_NavMeshLayer: 0
  m_StaticEditorFlags: 0
  m_IsActive: 1
--- !u!1 &159752
GameObject:
  m_ObjectHideFlags: 0
  m_PrefabParentObject: {fileID: 0}
  m_PrefabInternal: {fileID: 100100000}
  serializedVersion: 4
  m_Component:
  - 4: {fileID: 486868}
  - 137: {fileID: 13756338}
  m_Layer: 0
  m_Name: Rino
  m_TagString: Untagged
  m_Icon: {fileID: 0}
  m_NavMeshLayer: 0
  m_StaticEditorFlags: 0
  m_IsActive: 1
--- !u!1 &160384
GameObject:
  m_ObjectHideFlags: 1
  m_PrefabParentObject: {fileID: 0}
  m_PrefabInternal: {fileID: 100100000}
  serializedVersion: 4
  m_Component:
  - 4: {fileID: 435744}
  m_Layer: 0
  m_Name: joint3 1
  m_TagString: Untagged
  m_Icon: {fileID: 0}
  m_NavMeshLayer: 0
  m_StaticEditorFlags: 0
  m_IsActive: 1
--- !u!1 &163920
GameObject:
  m_ObjectHideFlags: 1
  m_PrefabParentObject: {fileID: 0}
  m_PrefabInternal: {fileID: 100100000}
  serializedVersion: 4
  m_Component:
  - 4: {fileID: 493990}
  m_Layer: 0
  m_Name: joint4
  m_TagString: Untagged
  m_Icon: {fileID: 0}
  m_NavMeshLayer: 0
  m_StaticEditorFlags: 0
  m_IsActive: 1
--- !u!1 &165236
GameObject:
  m_ObjectHideFlags: 1
  m_PrefabParentObject: {fileID: 0}
  m_PrefabInternal: {fileID: 100100000}
  serializedVersion: 4
  m_Component:
  - 4: {fileID: 430052}
  m_Layer: 0
  m_Name: joint26
  m_TagString: Untagged
  m_Icon: {fileID: 0}
  m_NavMeshLayer: 0
  m_StaticEditorFlags: 0
  m_IsActive: 1
--- !u!1 &166908
GameObject:
  m_ObjectHideFlags: 1
  m_PrefabParentObject: {fileID: 0}
  m_PrefabInternal: {fileID: 100100000}
  serializedVersion: 4
  m_Component:
  - 4: {fileID: 457728}
  m_Layer: 0
  m_Name: joint7
  m_TagString: Untagged
  m_Icon: {fileID: 0}
  m_NavMeshLayer: 0
  m_StaticEditorFlags: 0
  m_IsActive: 1
--- !u!1 &171046
GameObject:
  m_ObjectHideFlags: 1
  m_PrefabParentObject: {fileID: 0}
  m_PrefabInternal: {fileID: 100100000}
  serializedVersion: 4
  m_Component:
  - 4: {fileID: 406804}
  m_Layer: 0
  m_Name: joint17
  m_TagString: Untagged
  m_Icon: {fileID: 0}
  m_NavMeshLayer: 0
  m_StaticEditorFlags: 0
  m_IsActive: 1
--- !u!1 &171666
GameObject:
  m_ObjectHideFlags: 1
  m_PrefabParentObject: {fileID: 0}
  m_PrefabInternal: {fileID: 100100000}
  serializedVersion: 4
  m_Component:
  - 4: {fileID: 465090}
  m_Layer: 0
  m_Name: joint12
  m_TagString: Untagged
  m_Icon: {fileID: 0}
  m_NavMeshLayer: 0
  m_StaticEditorFlags: 0
  m_IsActive: 1
--- !u!1 &171960
GameObject:
  m_ObjectHideFlags: 1
  m_PrefabParentObject: {fileID: 0}
  m_PrefabInternal: {fileID: 100100000}
  serializedVersion: 4
  m_Component:
  - 4: {fileID: 487908}
  m_Layer: 0
  m_Name: joint2 1
  m_TagString: Untagged
  m_Icon: {fileID: 0}
  m_NavMeshLayer: 0
  m_StaticEditorFlags: 0
  m_IsActive: 1
--- !u!1 &179482
GameObject:
  m_ObjectHideFlags: 1
  m_PrefabParentObject: {fileID: 0}
  m_PrefabInternal: {fileID: 100100000}
  serializedVersion: 4
  m_Component:
  - 4: {fileID: 479512}
  m_Layer: 0
  m_Name: joint25
  m_TagString: Untagged
  m_Icon: {fileID: 0}
  m_NavMeshLayer: 0
  m_StaticEditorFlags: 0
  m_IsActive: 1
--- !u!1 &182652
GameObject:
  m_ObjectHideFlags: 1
  m_PrefabParentObject: {fileID: 0}
  m_PrefabInternal: {fileID: 100100000}
  serializedVersion: 4
  m_Component:
  - 4: {fileID: 495764}
  m_Layer: 0
  m_Name: joint8
  m_TagString: Untagged
  m_Icon: {fileID: 0}
  m_NavMeshLayer: 0
  m_StaticEditorFlags: 0
  m_IsActive: 1
--- !u!1 &184390
GameObject:
  m_ObjectHideFlags: 1
  m_PrefabParentObject: {fileID: 0}
  m_PrefabInternal: {fileID: 100100000}
  serializedVersion: 4
  m_Component:
  - 4: {fileID: 416542}
  m_Layer: 0
  m_Name: joint15
  m_TagString: Untagged
  m_Icon: {fileID: 0}
  m_NavMeshLayer: 0
  m_StaticEditorFlags: 0
  m_IsActive: 1
--- !u!1 &186258
GameObject:
  m_ObjectHideFlags: 1
  m_PrefabParentObject: {fileID: 0}
  m_PrefabInternal: {fileID: 100100000}
  serializedVersion: 4
  m_Component:
  - 4: {fileID: 405386}
  m_Layer: 0
  m_Name: joint4 1
  m_TagString: Untagged
  m_Icon: {fileID: 0}
  m_NavMeshLayer: 0
  m_StaticEditorFlags: 0
  m_IsActive: 1
--- !u!4 &401170
Transform:
  m_ObjectHideFlags: 1
  m_PrefabParentObject: {fileID: 0}
  m_PrefabInternal: {fileID: 100100000}
  m_GameObject: {fileID: 105462}
  m_LocalRotation: {x: 0.19834647, y: 0.7004429, z: 0.0006440861, w: 0.6855932}
  m_LocalPosition: {x: -0.00038069813, y: -0.005424002, z: 0.018432569}
  m_LocalScale: {x: 1, y: 1, z: 1}
  m_Children:
  - {fileID: 427898}
  - {fileID: 497004}
  - {fileID: 445062}
  m_Father: {fileID: 464654}
  m_RootOrder: 1
--- !u!4 &403802
Transform:
  m_ObjectHideFlags: 1
  m_PrefabParentObject: {fileID: 0}
  m_PrefabInternal: {fileID: 100100000}
  m_GameObject: {fileID: 105736}
  m_LocalRotation: {x: 0.8460927, y: 0.5322335, z: -0.006851518, w: -0.028419945}
  m_LocalPosition: {x: 0.024134729, y: -0.000679614, z: -0.002237395}
  m_LocalScale: {x: 1, y: 1, z: 1}
  m_Children:
  - {fileID: 442626}
  m_Father: {fileID: 493358}
  m_RootOrder: 0
--- !u!4 &405386
Transform:
  m_ObjectHideFlags: 1
  m_PrefabParentObject: {fileID: 0}
  m_PrefabInternal: {fileID: 100100000}
  m_GameObject: {fileID: 186258}
  m_LocalRotation: {x: 0, y: 0, z: 0.07441087, w: 0.99722767}
  m_LocalPosition: {x: -0.010929824, y: 0.0010083135, z: 0.0007990717}
  m_LocalScale: {x: 1, y: 1, z: 1}
  m_Children: []
  m_Father: {fileID: 435744}
  m_RootOrder: 0
--- !u!4 &406804
Transform:
  m_ObjectHideFlags: 1
  m_PrefabParentObject: {fileID: 0}
  m_PrefabInternal: {fileID: 100100000}
  m_GameObject: {fileID: 171046}
  m_LocalRotation: {x: 0.9779616, y: 0.208785, z: 1.3878559e-17, w: 5.964929e-17}
  m_LocalPosition: {x: -0.007236714, y: -8.881784e-18, z: -2.1781878e-18}
  m_LocalScale: {x: 1, y: 1, z: 1}
  m_Children:
  - {fileID: 453254}
  m_Father: {fileID: 416040}
  m_RootOrder: 0
--- !u!4 &408712
Transform:
  m_ObjectHideFlags: 1
  m_PrefabParentObject: {fileID: 0}
  m_PrefabInternal: {fileID: 100100000}
  m_GameObject: {fileID: 104276}
  m_LocalRotation: {x: 0, y: 0, z: 0.07441087, w: 0.99722767}
  m_LocalPosition: {x: 0.010929774, y: -0.001008271, z: -0.0007990972}
  m_LocalScale: {x: 1, y: 1, z: 1}
  m_Children: []
  m_Father: {fileID: 485060}
  m_RootOrder: 0
--- !u!4 &410856
Transform:
  m_ObjectHideFlags: 1
  m_PrefabParentObject: {fileID: 0}
  m_PrefabInternal: {fileID: 100100000}
  m_GameObject: {fileID: 112044}
  m_LocalRotation: {x: 0.0066603296, y: -0.7070754, z: -0.0066603296, w: 0.7070754}
  m_LocalPosition: {x: 4.814825e-34, y: -0.00065643096, z: -0.00022620184}
  m_LocalScale: {x: 1, y: 1, z: 1}
  m_Children:
  - {fileID: 457728}
  m_Father: {fileID: 492316}
  m_RootOrder: 0
--- !u!4 &416040
Transform:
  m_ObjectHideFlags: 1
  m_PrefabParentObject: {fileID: 0}
  m_PrefabInternal: {fileID: 100100000}
  m_GameObject: {fileID: 157050}
  m_LocalRotation: {x: -6.13851e-16, y: 2.9000996e-15, z: 0.045798793, w: 0.9989507}
  m_LocalPosition: {x: -0.009013575, y: 8.881784e-18, z: -1.1883405e-18}
  m_LocalScale: {x: 1, y: 1, z: 1}
  m_Children:
  - {fileID: 406804}
  m_Father: {fileID: 416542}
  m_RootOrder: 0
--- !u!4 &416542
Transform:
  m_ObjectHideFlags: 1
  m_PrefabParentObject: {fileID: 0}
  m_PrefabInternal: {fileID: 100100000}
  m_GameObject: {fileID: 184390}
  m_LocalRotation: {x: -0.44924602, y: -0.5033468, z: 0.22681662, w: 0.70240605}
  m_LocalPosition: {x: -0.00056802237, y: 0.002767497, z: -0.018207032}
  m_LocalScale: {x: 1, y: 1, z: 1}
  m_Children:
  - {fileID: 416040}
  m_Father: {fileID: 495764}
  m_RootOrder: 1
--- !u!4 &424008
Transform:
  m_ObjectHideFlags: 1
  m_PrefabParentObject: {fileID: 0}
  m_PrefabInternal: {fileID: 100100000}
  m_GameObject: {fileID: 132316}
  m_LocalRotation: {x: 0.49343744, y: 0.5064776, z: -0.49343744, w: 0.5064776}
  m_LocalPosition: {x: -0.0067049917, y: -0.00016806569, z: -2.1821329e-18}
  m_LocalScale: {x: 1, y: 1, z: 1}
  m_Children: []
  m_Father: {fileID: 453254}
  m_RootOrder: 0
--- !u!4 &427036
Transform:
  m_ObjectHideFlags: 1
  m_PrefabParentObject: {fileID: 0}
  m_PrefabInternal: {fileID: 100100000}
  m_GameObject: {fileID: 138360}
  m_LocalRotation: {x: 0.9713365, y: 0.23770592, z: 0.0001916222, w: 0.001117526}
  m_LocalPosition: {x: -0.024134725, y: 0.0006796019, z: 0.0022374005}
  m_LocalScale: {x: 1, y: 1, z: 1}
  m_Children:
  - {fileID: 478166}
  m_Father: {fileID: 492562}
  m_RootOrder: 0
--- !u!4 &427898
Transform:
  m_ObjectHideFlags: 1
  m_PrefabParentObject: {fileID: 0}
  m_PrefabInternal: {fileID: 100100000}
  m_GameObject: {fileID: 101354}
  m_LocalRotation: {x: -0.10365468, y: -0.6994682, z: -0.10365468, w: 0.6994682}
  m_LocalPosition: {x: -0.065416075, y: -2.220446e-18, z: -1.0440049e-17}
  m_LocalScale: {x: 1, y: 1, z: 1}
  m_Children: []
  m_Father: {fileID: 401170}
  m_RootOrder: 0
--- !u!4 &430052
Transform:
  m_ObjectHideFlags: 1
  m_PrefabParentObject: {fileID: 0}
  m_PrefabInternal: {fileID: 100100000}
  m_GameObject: {fileID: 165236}
  m_LocalRotation: {x: 0.93904656, y: -0.34034172, z: -0.033002064, w: 0.03563603}
  m_LocalPosition: {x: 0.026827719, y: 0.009389694, z: -0.0022373903}
  m_LocalScale: {x: 1, y: 1, z: 1}
  m_Children:
  - {fileID: 485060}
  m_Father: {fileID: 479512}
  m_RootOrder: 0
--- !u!4 &435744
Transform:
  m_ObjectHideFlags: 1
  m_PrefabParentObject: {fileID: 0}
  m_PrefabInternal: {fileID: 100100000}
  m_GameObject: {fileID: 160384}
  m_LocalRotation: {x: 0.9508083, y: -0.29193434, z: 0.0962256, w: 0.038452838}
  m_LocalPosition: {x: -0.008253231, y: -0.0033223045, z: -0.0007191645}
  m_LocalScale: {x: 1, y: 1, z: 1}
  m_Children:
  - {fileID: 405386}
  m_Father: {fileID: 487908}
  m_RootOrder: 0
--- !u!4 &442626
Transform:
  m_ObjectHideFlags: 1
  m_PrefabParentObject: {fileID: 0}
  m_PrefabInternal: {fileID: 100100000}
  m_GameObject: {fileID: 119766}
  m_LocalRotation: {x: 0.7941603, y: 0.60518515, z: -0.030653914, w: -0.04605058}
  m_LocalPosition: {x: 0.0079685105, y: 0.00012862496, z: 0.0007192049}
  m_LocalScale: {x: 1, y: 1, z: 1}
  m_Children:
  - {fileID: 476358}
  m_Father: {fileID: 403802}
  m_RootOrder: 0
--- !u!4 &445062
Transform:
  m_ObjectHideFlags: 1
  m_PrefabParentObject: {fileID: 0}
  m_PrefabInternal: {fileID: 100100000}
  m_GameObject: {fileID: 104934}
  m_LocalRotation: {x: 0.025973659, y: -0.7066296, z: 0.025973659, w: 0.7066296}
  m_LocalPosition: {x: -0.018776478, y: 0.002889459, z: 0.0000000011920929}
  m_LocalScale: {x: 1, y: 0.72677064, z: 1}
  m_Children: []
  m_Father: {fileID: 401170}
  m_RootOrder: 2
--- !u!4 &453254
Transform:
  m_ObjectHideFlags: 1
  m_PrefabParentObject: {fileID: 0}
  m_PrefabInternal: {fileID: 100100000}
  m_GameObject: {fileID: 140654}
  m_LocalRotation: {x: 0.99972916, y: 0.023272594, z: -2.5378912e-17, w: 6.1839725e-17}
  m_LocalPosition: {x: -0.0069665182, y: -0.00021354301, z: 2.1945588e-18}
  m_LocalScale: {x: 1, y: 1, z: 1}
  m_Children:
  - {fileID: 424008}
  m_Father: {fileID: 406804}
  m_RootOrder: 0
--- !u!4 &457728
Transform:
  m_ObjectHideFlags: 1
  m_PrefabParentObject: {fileID: 0}
  m_PrefabInternal: {fileID: 100100000}
  m_GameObject: {fileID: 166908}
  m_LocalRotation: {x: -1.3481244e-17, y: 6.1316853e-16, z: 0.0465714, w: 0.99891496}
  m_LocalPosition: {x: -0.012437864, y: -0.0004899324, z: 3.254223e-18}
  m_LocalScale: {x: 1, y: 1, z: 1}
  m_Children:
  - {fileID: 495764}
  m_Father: {fileID: 410856}
  m_RootOrder: 0
--- !u!4 &459552
Transform:
  m_ObjectHideFlags: 1
  m_PrefabParentObject: {fileID: 0}
  m_PrefabInternal: {fileID: 100100000}
  m_GameObject: {fileID: 156892}
  m_LocalRotation: {x: 0.008759387, y: 0.7070525, z: 0.008759387, w: 0.7070525}
  m_LocalPosition: {x: -0, y: -0.0006486063, z: 0.00038419318}
  m_LocalScale: {x: 1, y: 1, z: 1}
  m_Children:
  - {fileID: 467486}
  m_Father: {fileID: 492316}
  m_RootOrder: 1
--- !u!4 &464654
Transform:
  m_ObjectHideFlags: 1
  m_PrefabParentObject: {fileID: 0}
  m_PrefabInternal: {fileID: 100100000}
  m_GameObject: {fileID: 148314}
  m_LocalRotation: {x: -0.03563367, y: -0.727112, z: 0.15365596, w: 0.66815287}
  m_LocalPosition: {x: -0.015560118, y: 0.002884682, z: -1.9293172e-19}
  m_LocalScale: {x: 1, y: 1, z: 1}
  m_Children:
  - {fileID: 465090}
  - {fileID: 401170}
  - {fileID: 479512}
  m_Father: {fileID: 467486}
  m_RootOrder: 0
--- !u!4 &465090
Transform:
  m_ObjectHideFlags: 1
  m_PrefabParentObject: {fileID: 0}
  m_PrefabInternal: {fileID: 100100000}
  m_GameObject: {fileID: 171666}
  m_LocalRotation: {x: 0.76598763, y: 0.011172471, z: 0.5181164, w: 0.38038597}
  m_LocalPosition: {x: -0.02523851, y: -0.0052360445, z: 0.0013904221}
  m_LocalScale: {x: 1, y: 1, z: 1}
  m_Children:
  - {fileID: 487908}
  m_Father: {fileID: 464654}
  m_RootOrder: 0
--- !u!4 &467124
Transform:
  m_ObjectHideFlags: 1
  m_PrefabParentObject: {fileID: 0}
  m_PrefabInternal: {fileID: 100100000}
  m_GameObject: {fileID: 147496}
  m_LocalRotation: {x: 0, y: 0, z: 0, w: 1}
  m_LocalPosition: {x: 0, y: 0, z: 0}
  m_LocalScale: {x: 1, y: 1, z: 1}
  m_Children: []
  m_Father: {fileID: 484342}
  m_RootOrder: 1
--- !u!4 &467486
Transform:
  m_ObjectHideFlags: 1
  m_PrefabParentObject: {fileID: 0}
  m_PrefabInternal: {fileID: 100100000}
  m_GameObject: {fileID: 150064}
  m_LocalRotation: {x: 8.434697e-19, y: 3.2180568e-18, z: -0.023482895, w: 0.99972427}
  m_LocalPosition: {x: -0.015422455, y: 0.003627231, z: 0}
  m_LocalScale: {x: 1, y: 1, z: 1}
  m_Children:
  - {fileID: 464654}
  m_Father: {fileID: 459552}
  m_RootOrder: 0
--- !u!4 &469026
Transform:
  m_ObjectHideFlags: 1
  m_PrefabParentObject: {fileID: 0}
  m_PrefabInternal: {fileID: 100100000}
  m_GameObject: {fileID: 144704}
  m_LocalRotation: {x: 0.04709406, y: -0, z: 0, w: 0.99889046}
  m_LocalPosition: {x: 0, y: 0.027507257, z: 0.0027623752}
  m_LocalScale: {x: 1, y: 0.99999994, z: 1}
  m_Children:
  - {fileID: 492316}
  m_Father: {fileID: 484342}
  m_RootOrder: 0
--- !u!4 &476358
Transform:
  m_ObjectHideFlags: 1
  m_PrefabParentObject: {fileID: 0}
  m_PrefabInternal: {fileID: 100100000}
  m_GameObject: {fileID: 131206}
  m_LocalRotation: {x: 0, y: 0, z: 0.07441087, w: 0.99722767}
  m_LocalPosition: {x: 0.0098095685, y: -0.0007528748, z: -0.0007991003}
  m_LocalScale: {x: 1, y: 1, z: 1}
  m_Children: []
  m_Father: {fileID: 442626}
  m_RootOrder: 0
--- !u!4 &478166
Transform:
  m_ObjectHideFlags: 1
  m_PrefabParentObject: {fileID: 0}
  m_PrefabInternal: {fileID: 100100000}
  m_GameObject: {fileID: 135596}
  m_LocalRotation: {x: 0.847299, y: 0.5307836, z: -0.0028821253, w: 0.018573444}
  m_LocalPosition: {x: -0.007968495, y: -0.00012864084, z: -0.00071916444}
  m_LocalScale: {x: 1, y: 1, z: 1}
  m_Children:
  - {fileID: 493990}
  m_Father: {fileID: 427036}
  m_RootOrder: 0
--- !u!4 &479512
Transform:
  m_ObjectHideFlags: 1
  m_PrefabParentObject: {fileID: 0}
  m_PrefabInternal: {fileID: 100100000}
  m_GameObject: {fileID: 179482}
  m_LocalRotation: {x: -0.36607507, y: 0.61415166, z: -0.5122504, w: 0.47582167}
  m_LocalPosition: {x: 0.018781379, y: -0.017656624, z: -0.0013553072}
  m_LocalScale: {x: 1, y: 1, z: 1}
  m_Children:
  - {fileID: 430052}
  m_Father: {fileID: 464654}
  m_RootOrder: 2
--- !u!4 &484342
Transform:
  m_ObjectHideFlags: 1
  m_PrefabParentObject: {fileID: 0}
  m_PrefabInternal: {fileID: 100100000}
  m_GameObject: {fileID: 135316}
  m_LocalRotation: {x: 0, y: 0.7071068, z: 0, w: 0.7071067}
  m_LocalPosition: {x: 0.3091643, y: 7.361974, z: 8.728685}
  m_LocalScale: {x: 100, y: 100, z: 100}
  m_Children:
  - {fileID: 469026}
  - {fileID: 467124}
  - {fileID: 486868}
  m_Father: {fileID: 0}
  m_RootOrder: 0
--- !u!4 &485060
Transform:
  m_ObjectHideFlags: 1
  m_PrefabParentObject: {fileID: 0}
  m_PrefabInternal: {fileID: 100100000}
  m_GameObject: {fileID: 154856}
  m_LocalRotation: {x: 0.9946969, y: 0.0928956, z: -0.028885093, w: -0.033377994}
  m_LocalPosition: {x: 0.008253226, y: 0.0033223247, z: 0.0007192202}
  m_LocalScale: {x: 1, y: 1, z: 1}
  m_Children:
  - {fileID: 408712}
  m_Father: {fileID: 430052}
  m_RootOrder: 0
--- !u!4 &486868
Transform:
  m_ObjectHideFlags: 1
  m_PrefabParentObject: {fileID: 0}
  m_PrefabInternal: {fileID: 100100000}
  m_GameObject: {fileID: 159752}
  m_LocalRotation: {x: 0, y: 0, z: 0, w: 1}
  m_LocalPosition: {x: 0, y: 0, z: 0}
  m_LocalScale: {x: 1, y: 1, z: 1}
  m_Children: []
  m_Father: {fileID: 484342}
  m_RootOrder: 2
--- !u!4 &487908
Transform:
  m_ObjectHideFlags: 1
  m_PrefabParentObject: {fileID: 0}
  m_PrefabInternal: {fileID: 100100000}
  m_GameObject: {fileID: 171960}
  m_LocalRotation: {x: 0.72497576, y: -0.68392223, z: -0.07470484, w: 0.032859318}
  m_LocalPosition: {x: -0.026827686, y: -0.009389684, z: 0.0022374005}
  m_LocalScale: {x: 1, y: 1, z: 1}
  m_Children:
  - {fileID: 435744}
  m_Father: {fileID: 465090}
  m_RootOrder: 0
--- !u!4 &492316
Transform:
  m_ObjectHideFlags: 1
  m_PrefabParentObject: {fileID: 0}
  m_PrefabInternal: {fileID: 100100000}
  m_GameObject: {fileID: 137554}
  m_LocalRotation: {x: 0, y: 0, z: 0, w: 1}
  m_LocalPosition: {x: -0, y: -0.03506053, z: 0.0019920242}
  m_LocalScale: {x: 1, y: 1, z: 1}
  m_Children:
  - {fileID: 410856}
  - {fileID: 459552}
  m_Father: {fileID: 469026}
  m_RootOrder: 0
--- !u!4 &492562
Transform:
  m_ObjectHideFlags: 1
  m_PrefabParentObject: {fileID: 0}
  m_PrefabInternal: {fileID: 100100000}
  m_GameObject: {fileID: 138560}
  m_LocalRotation: {x: 0.67472374, y: 0.3287822, z: 0.4331797, w: 0.49900448}
  m_LocalPosition: {x: -0.017563678, y: 5.5511148e-18, z: 0}
  m_LocalScale: {x: 1, y: 1, z: 1}
  m_Children:
  - {fileID: 427036}
  m_Father: {fileID: 495764}
  m_RootOrder: 0
--- !u!4 &493358
Transform:
  m_ObjectHideFlags: 1
  m_PrefabParentObject: {fileID: 0}
  m_PrefabInternal: {fileID: 100100000}
  m_GameObject: {fileID: 130836}
  m_LocalRotation: {x: 0.6083371, y: -0.49075708, z: 0.61291975, w: -0.115813784}
  m_LocalPosition: {x: 0.011582916, y: -0.012887716, z: -0.002868267}
  m_LocalScale: {x: 1, y: 1, z: 1}
  m_Children:
  - {fileID: 403802}
  m_Father: {fileID: 495764}
  m_RootOrder: 2
--- !u!4 &493990
Transform:
  m_ObjectHideFlags: 1
  m_PrefabParentObject: {fileID: 0}
  m_PrefabInternal: {fileID: 100100000}
  m_GameObject: {fileID: 163920}
  m_LocalRotation: {x: 0, y: 0, z: 0.07441087, w: 0.99722767}
  m_LocalPosition: {x: -0.0098095825, y: 0.0007529086, z: 0.0007990717}
  m_LocalScale: {x: 1, y: 1, z: 1}
  m_Children: []
  m_Father: {fileID: 478166}
  m_RootOrder: 0
--- !u!4 &495764
Transform:
  m_ObjectHideFlags: 1
  m_PrefabParentObject: {fileID: 0}
  m_PrefabInternal: {fileID: 100100000}
  m_GameObject: {fileID: 182652}
  m_LocalRotation: {x: 0.11958891, y: 0.66398674, z: 0.17410834, w: 0.717291}
  m_LocalPosition: {x: -0.011500197, y: -0.0005932199, z: 2.0508312e-18}
  m_LocalScale: {x: 1, y: 1, z: 1}
  m_Children:
  - {fileID: 492562}
  - {fileID: 416542}
  - {fileID: 493358}
  m_Father: {fileID: 457728}
  m_RootOrder: 0
--- !u!4 &497004
Transform:
  m_ObjectHideFlags: 1
  m_PrefabParentObject: {fileID: 0}
  m_PrefabInternal: {fileID: 100100000}
  m_GameObject: {fileID: 144104}
  m_LocalRotation: {x: -0.102005474, y: -0.6997106, z: -0.102005474, w: 0.6997106}
  m_LocalPosition: {x: -0.05020182, y: 0.013599605, z: 0.0000000011920929}
  m_LocalScale: {x: 1, y: 1, z: 1}
  m_Children: []
  m_Father: {fileID: 401170}
  m_RootOrder: 1
--- !u!23 &2344254
MeshRenderer:
  m_ObjectHideFlags: 1
  m_PrefabParentObject: {fileID: 0}
  m_PrefabInternal: {fileID: 100100000}
  m_GameObject: {fileID: 104934}
  m_Enabled: 1
  m_CastShadows: 1
  m_ReceiveShadows: 1
  m_Materials:
  - {fileID: 2100000, guid: ca6ac3d7ad787441cb897bb40823f4c5, type: 2}
  m_SubsetIndices: 
  m_StaticBatchRoot: {fileID: 0}
  m_UseLightProbes: 1
  m_ReflectionProbeUsage: 1
  m_ProbeAnchor: {fileID: 0}
  m_ScaleInLightmap: 1
  m_PreserveUVs: 0
  m_IgnoreNormalsForChartDetection: 0
  m_ImportantGI: 0
  m_MinimumChartSize: 4
  m_AutoUVMaxDistance: 0.5
  m_AutoUVMaxAngle: 89
  m_LightmapParameters: {fileID: 0}
  m_SortingLayerID: 0
  m_SortingOrder: 0
--- !u!23 &2372022
MeshRenderer:
  m_ObjectHideFlags: 1
  m_PrefabParentObject: {fileID: 0}
  m_PrefabInternal: {fileID: 100100000}
  m_GameObject: {fileID: 144104}
  m_Enabled: 1
  m_CastShadows: 1
  m_ReceiveShadows: 1
  m_Materials:
  - {fileID: 2100000, guid: ca6ac3d7ad787441cb897bb40823f4c5, type: 2}
  m_SubsetIndices: 
  m_StaticBatchRoot: {fileID: 0}
  m_UseLightProbes: 1
  m_ReflectionProbeUsage: 1
  m_ProbeAnchor: {fileID: 0}
  m_ScaleInLightmap: 1
  m_PreserveUVs: 0
  m_IgnoreNormalsForChartDetection: 0
  m_ImportantGI: 0
  m_MinimumChartSize: 4
  m_AutoUVMaxDistance: 0.5
  m_AutoUVMaxAngle: 89
  m_LightmapParameters: {fileID: 0}
  m_SortingLayerID: 0
  m_SortingOrder: 0
--- !u!33 &3327860
MeshFilter:
  m_ObjectHideFlags: 1
  m_PrefabParentObject: {fileID: 0}
  m_PrefabInternal: {fileID: 100100000}
  m_GameObject: {fileID: 144104}
  m_Mesh: {fileID: 4300004, guid: bb2ec9a592904ef40856e8ea024fb91d, type: 3}
--- !u!33 &3366014
MeshFilter:
  m_ObjectHideFlags: 1
  m_PrefabParentObject: {fileID: 0}
  m_PrefabInternal: {fileID: 100100000}
  m_GameObject: {fileID: 104934}
  m_Mesh: {fileID: 4300006, guid: bb2ec9a592904ef40856e8ea024fb91d, type: 3}
--- !u!64 &6441090
MeshCollider:
  m_ObjectHideFlags: 1
  m_PrefabParentObject: {fileID: 0}
  m_PrefabInternal: {fileID: 100100000}
  m_GameObject: {fileID: 135316}
  m_Material: {fileID: 0}
  m_IsTrigger: 0
  m_Enabled: 1
  serializedVersion: 2
  m_Convex: 0
  m_Mesh: {fileID: 4300002, guid: bb2ec9a592904ef40856e8ea024fb91d, type: 3}
--- !u!82 &8293776
AudioSource:
  m_ObjectHideFlags: 1
  m_PrefabParentObject: {fileID: 0}
  m_PrefabInternal: {fileID: 100100000}
  m_GameObject: {fileID: 135316}
  m_Enabled: 1
  serializedVersion: 4
  OutputAudioMixerGroup: {fileID: 0}
  m_audioClip: {fileID: 8300000, guid: ffbe78fa0a4a84e87a76a35e1d601451, type: 3}
  m_PlayOnAwake: 1
  m_Volume: 1
  m_Pitch: 1
  Loop: 0
  Mute: 0
  Spatialize: 0
  Priority: 128
  DopplerLevel: 1
  MinDistance: 1
  MaxDistance: 500
  Pan2D: 0
  rolloffMode: 0
  BypassEffects: 0
  BypassListenerEffects: 0
  BypassReverbZones: 0
  rolloffCustomCurve:
    serializedVersion: 2
    m_Curve:
    - time: 0
      value: 1
      inSlope: 0
      outSlope: 0
      tangentMode: 0
    - time: 1
      value: 0
      inSlope: 0
      outSlope: 0
      tangentMode: 0
    m_PreInfinity: 2
    m_PostInfinity: 2
    m_RotationOrder: 4
  panLevelCustomCurve:
    serializedVersion: 2
    m_Curve:
    - time: 0
      value: 0
      inSlope: 0
      outSlope: 0
      tangentMode: 0
    m_PreInfinity: 2
    m_PostInfinity: 2
    m_RotationOrder: 0
  spreadCustomCurve:
    serializedVersion: 2
    m_Curve:
    - time: 0
      value: 0
      inSlope: 0
      outSlope: 0
      tangentMode: 0
    m_PreInfinity: 2
    m_PostInfinity: 2
    m_RotationOrder: 0
  reverbZoneMixCustomCurve:
    serializedVersion: 2
    m_Curve:
    - time: 0
      value: 1
      inSlope: 0
      outSlope: 0
      tangentMode: 0
    m_PreInfinity: 2
    m_PostInfinity: 2
    m_RotationOrder: 0
--- !u!95 &9543900
Animator:
  serializedVersion: 3
  m_ObjectHideFlags: 1
  m_PrefabParentObject: {fileID: 0}
  m_PrefabInternal: {fileID: 100100000}
  m_GameObject: {fileID: 135316}
  m_Enabled: 1
  m_Avatar: {fileID: 9000000, guid: bb2ec9a592904ef40856e8ea024fb91d, type: 3}
  m_Controller: {fileID: 9100000, guid: f6c5c7ef2a009f64d95353a55b0eaaec, type: 2}
  m_CullingMode: 1
  m_UpdateMode: 0
  m_ApplyRootMotion: 0
  m_LinearVelocityBlending: 0
  m_WarningMessage: 
  m_HasTransformHierarchy: 1
  m_AllowConstantClipSamplingOptimization: 1
--- !u!114 &11432500
MonoBehaviour:
  m_ObjectHideFlags: 1
  m_PrefabParentObject: {fileID: 0}
  m_PrefabInternal: {fileID: 100100000}
  m_GameObject: {fileID: 135316}
  m_Enabled: 1
  m_EditorHideFlags: 0
  m_Script: {fileID: 11500000, guid: b88237f244c9d43f79b704f0acf94b4f, type: 3}
  m_Name: 
  m_EditorClassIdentifier: 
  objectsBelow: []
--- !u!114 &11446624
MonoBehaviour:
  m_ObjectHideFlags: 1
  m_PrefabParentObject: {fileID: 0}
  m_PrefabInternal: {fileID: 100100000}
  m_GameObject: {fileID: 135316}
  m_Enabled: 1
  m_EditorHideFlags: 0
  m_Script: {fileID: 11500000, guid: b9ede6aed4f3f4479b32b3d2d3410365, type: 3}
  m_Name: 
  m_EditorClassIdentifier: 
  target: {fileID: 0}
--- !u!114 &11482492
MonoBehaviour:
  m_ObjectHideFlags: 1
  m_PrefabParentObject: {fileID: 0}
  m_PrefabInternal: {fileID: 100100000}
  m_GameObject: {fileID: 135316}
  m_Enabled: 1
  m_EditorHideFlags: 0
  m_Script: {fileID: -1862395651, guid: f5f67c52d1564df4a8936ccd202a3bd8, type: 3}
  m_Name: 
  m_EditorClassIdentifier: 
  m_Delegates: []
  delegates: []
--- !u!137 &13756338
SkinnedMeshRenderer:
  m_ObjectHideFlags: 1
  m_PrefabParentObject: {fileID: 0}
  m_PrefabInternal: {fileID: 100100000}
  m_GameObject: {fileID: 159752}
  m_Enabled: 1
  m_CastShadows: 1
  m_ReceiveShadows: 1
  m_Materials:
  - {fileID: 2100000, guid: d9543faa78b87ab4599d825131fafc04, type: 2}
  m_SubsetIndices: 
  m_StaticBatchRoot: {fileID: 0}
  m_UseLightProbes: 1
  m_ReflectionProbeUsage: 1
  m_ProbeAnchor: {fileID: 0}
  m_ScaleInLightmap: 1
  m_PreserveUVs: 0
  m_IgnoreNormalsForChartDetection: 0
  m_ImportantGI: 0
  m_MinimumChartSize: 4
  m_AutoUVMaxDistance: 0.5
  m_AutoUVMaxAngle: 89
  m_LightmapParameters: {fileID: 0}
  m_SortingLayerID: 0
  m_SortingOrder: 0
  serializedVersion: 2
  m_Quality: 0
  m_UpdateWhenOffscreen: 0
  m_Mesh: {fileID: 4300002, guid: bb2ec9a592904ef40856e8ea024fb91d, type: 3}
  m_Bones:
  - {fileID: 478166}
  - {fileID: 442626}
  - {fileID: 427036}
  - {fileID: 403802}
  - {fileID: 493358}
  - {fileID: 492562}
  - {fileID: 453254}
  - {fileID: 406804}
  - {fileID: 416040}
  - {fileID: 416542}
  - {fileID: 495764}
  - {fileID: 435744}
  - {fileID: 485060}
  - {fileID: 430052}
  - {fileID: 487908}
  - {fileID: 479512}
  - {fileID: 465090}
  - {fileID: 401170}
  - {fileID: 464654}
  - {fileID: 467486}
  - {fileID: 459552}
  - {fileID: 457728}
  m_BlendShapeWeights: []
  m_RootBone: {fileID: 457728}
  m_AABB:
    m_Center: {x: 0.045788508, y: -0.018162576, z: 0.00587813}
    m_Extent: {x: 0.08901717, y: 0.0625327, z: 0.04905834}
  m_DirtyAABB: 0
--- !u!137 &13783260
SkinnedMeshRenderer:
  m_ObjectHideFlags: 1
  m_PrefabParentObject: {fileID: 0}
  m_PrefabInternal: {fileID: 100100000}
  m_GameObject: {fileID: 147496}
  m_Enabled: 1
  m_CastShadows: 1
  m_ReceiveShadows: 1
  m_Materials:
  - {fileID: 2100000, guid: d9543faa78b87ab4599d825131fafc04, type: 2}
  m_SubsetIndices: 
  m_StaticBatchRoot: {fileID: 0}
  m_UseLightProbes: 1
  m_ReflectionProbeUsage: 1
  m_ProbeAnchor: {fileID: 0}
  m_ScaleInLightmap: 1
  m_PreserveUVs: 0
  m_IgnoreNormalsForChartDetection: 0
  m_ImportantGI: 0
  m_MinimumChartSize: 4
  m_AutoUVMaxDistance: 0.5
  m_AutoUVMaxAngle: 89
  m_LightmapParameters: {fileID: 0}
  m_SortingLayerID: 0
  m_SortingOrder: 0
  serializedVersion: 2
  m_Quality: 0
  m_UpdateWhenOffscreen: 0
  m_Mesh: {fileID: 4300000, guid: bb2ec9a592904ef40856e8ea024fb91d, type: 3}
  m_Bones:
  - {fileID: 453254}
  - {fileID: 406804}
  - {fileID: 416040}
  - {fileID: 416542}
  - {fileID: 495764}
  m_BlendShapeWeights: []
  m_RootBone: {fileID: 495764}
  m_AABB:
    m_Center: {x: -0.006228186, y: -0.009270292, z: -0.022809163}
    m_Extent: {x: 0.008244472, y: 0.014864931, z: 0.00902187}
  m_DirtyAABB: 0
--- !u!195 &19583618
NavMeshAgent:
  m_ObjectHideFlags: 1
  m_PrefabParentObject: {fileID: 0}
  m_PrefabInternal: {fileID: 100100000}
  m_GameObject: {fileID: 135316}
  m_Enabled: 1
  m_Radius: 0.1
  m_Speed: 8
  m_Acceleration: 8
  avoidancePriority: 50
  m_AngularSpeed: 120
  m_StoppingDistance: 0
  m_AutoTraverseOffMeshLink: 1
  m_AutoBraking: 1
  m_AutoRepath: 1
  m_Height: 0.1
  m_BaseOffset: 0.05
  m_WalkableMask: 4294967295
  m_ObstacleAvoidanceType: 4
--- !u!1001 &100100000
Prefab:
  m_ObjectHideFlags: 1
  serializedVersion: 2
  m_Modification:
    m_TransformParent: {fileID: 0}
    m_Modifications: []
    m_RemovedComponents: []
  m_ParentPrefab: {fileID: 0}
  m_RootGameObject: {fileID: 135316}
  m_IsPrefabParent: 1
